<record><leader>00000cas a22000007a 4500</leader><controlfield tag="001">27780285</controlfield><controlfield tag="008">930323d18911892ncudn ne      0    0eng d</controlfield><datafield ind1=" " ind2=" " tag="010"><subfield code="a">sn 93065782 </subfield></datafield><datafield ind1=" " ind2=" " tag="040"><subfield code="a">NVJ</subfield><subfield code="b">eng</subfield><subfield code="c">NVJ</subfield><subfield code="d">OCLCQ</subfield></datafield><datafield ind1=" " ind2=" " tag="042"><subfield code="a">msc</subfield></datafield><datafield ind1="0" ind2="0" tag="245"><subfield code="a">Greensboro daily workman.</subfield></datafield><datafield ind1=" " ind2=" " tag="260"><subfield code="a">Greensboro, N.C. :</subfield><subfield code="b">J.L. Michaux</subfield></datafield><datafield ind1=" " ind2=" " tag="300"><subfield code="a">v.</subfield></datafield><datafield ind1=" " ind2=" " tag="310"><subfield code="a">Daily (except Sunday)</subfield></datafield><datafield ind1="1" ind2=" " tag="362"><subfield code="a">Began in Jan. 1891.</subfield></datafield><datafield ind1="0" ind2=" " tag="362"><subfield code="a">-v. 10, no. 142 (Nov. 25, 1892).</subfield></datafield><datafield ind1=" " ind2=" " tag="515"><subfield code="a">Issue numbering irregular.</subfield></datafield><datafield ind1=" " ind2=" " tag="588"><subfield code="a">Description based on: Vol. 8, no. 145 (Jan. 7, 1891).</subfield></datafield><datafield ind1=" " ind2=" " tag="752"><subfield code="a">United States</subfield><subfield code="b">North Carolina</subfield><subfield code="c">Guilford</subfield><subfield code="d">Greensboro.</subfield></datafield><datafield ind1="0" ind2="0" tag="780"><subfield code="t">Daily workman</subfield><subfield code="w">(DLC)sn 93065780</subfield></datafield></record>